@online{rabbithole2010a,
    author = "Dauna Coulter",
    title = "Down the Lunar Rabbit-hole",
    url  = "https://science.nasa.gov/science-news/science-at-nasa/2010/12jul_rabbithole/",
    note = {eingesehen: 15-08-2018},
}

@online{tag,
    author = "",
    title = "",
    url  = "",
    note = {eingesehen: xx-xx-xxxx},
}
